@book{bratko2001prolog,
  title={Prolog programming for artificial intelligence},
  author={Bratko, Ivan},
  year={2001},
  publisher={Pearson education}
}